<?xml version="1.0" encoding="UTF-8"?><collection xmlns="http://www.loc.gov/MARC21/slim"><record><leader>00629nam--2200181-i-4500</leader><controlfield tag="001">000018133</controlfield><controlfield tag="002">20161230</controlfield><controlfield tag="005">20161230201032</controlfield><controlfield tag="008">060222s1000------------r-----000-0-fre-d</controlfield><datafield ind1=" " ind2=" " tag="040"><subfield code="a">IFIN-HH</subfield></datafield><datafield ind1=" " ind2=" " tag="041"><subfield code="a">fre</subfield></datafield><datafield ind1=" " ind2=" " tag="080"><subfield code="a">535.853.4(043)</subfield></datafield><datafield ind1="1" ind2=" " tag="100"><subfield code="a">Pinson Pierre</subfield></datafield><datafield ind1="1" ind2="0" tag="245"><subfield code="a">Mise au point d'un spectrometre interferentiel a haute resolution fonctionnant vers 10. application a l'etude des transfers d'energie dans des melanges co2, n2, he excites par decharge electrique</subfield><subfield code="b">These</subfield><subfield code="c">Pierre pinson</subfield></datafield><datafield ind1=" " ind2=" " tag="260"><subfield code="a">Paris</subfield><subfield code="b">Universite Paris Xi</subfield><subfield code="c">1976</subfield></datafield><datafield ind1=" " ind2=" " tag="300"><subfield code="a">/PAG. DIF.</subfield></datafield><datafield ind1=" " ind2=" " tag="852"><subfield code="a">44939</subfield><subfield code="c">535</subfield></datafield><datafield ind1=" " ind2=" " tag="CAT"><subfield code="a">Sys</subfield><subfield code="c">20110125</subfield><subfield code="h">135543</subfield></datafield></record></collection>